@article{,
  title = {},
  author = {},
  journal = {},
  volume = {},
  issue = {},
  pages = {},
  numpages = {},
  year = {},
  month = {},
  publisher = {},
  doi = {},
  url = {}
}

@article{Neumann:1929,
  title = {Beweis des ergodensatzes und desh-theorems in der neuen mechanik},
  author = {Neumann, J.v.},
  journal = {Zeitschrift f${\rm \ddot{u}}$r Physik},
  volume = {57},
  issue = {0044-3328},
  pages = {30-70},
  numpages = {1-2},
  year = {1929},
  month = {},
  publisher = {Springer-Verlag},
  doi = {10.1007/BF01339852},
  url = {http://dx.doi.org/10.1007/BF01339852}
}

@article{Yukalov:2011,
  title = {Equilibration and thermalization in finite quantum systems },
  author = {Yukaolv, V.I.},
  journal = {Laser Phys. Lett.},
  volume = {8},
  issue = {},
  pages = {485},
  numpages = {7},
  year = {2011},
  month = {},
  publisher = {},
  doi = {10.1002/lapl.201110002},
  url = {}
}

@article{Polkovnikov:2011,
  title = {Colloquium},
  author = {Polkovnikov, Anatoli and Sengupta, Krishnendu and Silva, Alessandro and Vengalattore, Mukund},
  journal = {Rev. Mod. Phys.},
  volume = {83},
  issue = {3},
  pages = {863--883},
  numpages = {0},
  year = {2011},
  month = {Aug},
  publisher = {American Physical Society},
  doi = {10.1103/RevModPhys.83.863},
  url = {http://link.aps.org/doi/10.1103/RevModPhys.83.863}
}

@article{Deutsch:1991,
  title = {Quantum statistical mechanics in a closed system},
  author = {Deutsch, J. M.},
  journal = {Phys. Rev. A},
  volume = {43},
  issue = {4},
  pages = {2046--2049},
  numpages = {0},
  year = {1991},
  month = {Feb},
  publisher = {American Physical Society},
  doi = {10.1103/PhysRevA.43.2046},
  url = {http://link.aps.org/doi/10.1103/PhysRevA.43.2046}
}

@article{Santos:2010,
  title = {Localization and the effects of symmetries in the thermalization properties of one-dimensional quantum systems},
  author = {Santos, Lea F. and Rigol, Marcos},
  journal = {Phys. Rev. E},
  volume = {82},
  issue = {3},
  pages = {031130},
  numpages = {12},
  year = {2010},
  month = {Sep},
  publisher = {American Physical Society},
  doi = {10.1103/PhysRevE.82.031130},
  url = {http://link.aps.org/doi/10.1103/PhysRevE.82.031130}
}


@article{Kruczenski:2013,
  title = {Thermalization of isolated quantum systems},
  author = {Kruczenski, M and Khlebnikov, S.},
  journal = {ArXiv e-prints},
  year = {2013},
  archivePrefix = "arXiv",
  eprint = {1312.4612v2},
}

@article{Beugeling:2014,
  title = {Finite-size scaling of eigenstate thermalization},
  author = {Beugeling, W. and Moessner, R. and Haque, Masudul},
  journal = {Phys. Rev. E},
  volume = {89},
  issue = {4},
  pages = {042112},
  numpages = {9},
  year = {2014},
  month = {Apr},
  publisher = {American Physical Society},
  doi = {10.1103/PhysRevE.89.042112},
  url = {http://link.aps.org/doi/10.1103/PhysRevE.89.042112}
}

@article{Rigol:2012,
  title = {Alternatives to Eigenstate Thermalization},
  author = {Rigol, M. and Srednicki, M.},
  journal = {Phys. Rev. Lett.},
  volume = {108},
  issue = {11},
  pages = {110601},
  numpages = {5},
  year = {2012},
  month = {Mar},
  publisher = {American Physical Society},
  doi = {10.1103/PhysRevLett.108.110601},
  url = {http://link.aps.org/doi/10.1103/PhysRevLett.108.110601}
}

@ARTICLE{Kim_ETH,
  author = {Kim, H. and Ikeda, T.~N. and Huse, D.~A.},
  title = "{}",
  journal = {ArXiv e-prints},
  archivePrefix = "arXiv",
  eprint = {1408.0535v2},
  primaryClass = "cond-mat.stat-mech",
  year = 2014,
  month = Aug,
}

@article{Linden:2009,
  title = {Quantum mechanical evolution towards thermal equilibrium},
  author = {Linden, Noah and Popescu, Sandu and Short, Anthony J. and Winter, Andreas},
  journal = {Phys. Rev. E},
  volume = {79},
  issue = {6},
  pages = {061103},
  numpages = {12},
  year = {2009},
  month = {Jun},
  publisher = {American Physical Society},
  doi = {10.1103/PhysRevE.79.061103},
  url = {http://link.aps.org/doi/10.1103/PhysRevE.79.061103}
}


@article{Kim:2013,
  title = {Ballistic Spreading of Entanglement in a Diffusive Nonintegrable System},
  author = {Kim, Hyungwon and Huse, David A.},
  journal = {Phys. Rev. Lett.},
  volume = {111},
  issue = {12},
  pages = {127205},
  numpages = {5},
  year = {2013},
  month = {Sep},
  publisher = {American Physical Society},
  doi = {10.1103/PhysRevLett.111.127205},
  url = {http://link.aps.org/doi/10.1103/PhysRevLett.111.127205}
}

@article{Salzman:1974,
  title = {Quantum mechanics of systems periodic in time},
  author = {Salzman, W. R.},
  journal = {Phys. Rev. A},
  volume = {10},
  issue = {2},
  pages = {461--465},
  numpages = {0},
  year = {1974},
  month = {Aug},
  publisher = {American Physical Society},
  doi = {10.1103/PhysRevA.10.461},
  url = {http://link.aps.org/doi/10.1103/PhysRevA.10.461}
}


@article{Nandkishore:2014,
   author = {Nandkishore, R. and Huse, D.~A.},
   title = "{Many body localization and thermalization in quantum statistical mechanics}",
  journal = {ArXiv e-prints},
  archivePrefix = "arXiv",
  eprint = {1404.0686},
  primaryClass = "cond-mat.stat-mech",
  year = 2014,
  month = apr,
}

@article{Srednicki:1999,
  author={Srednicki, M.},
  title={The approach to thermal equilibrium in quantized chaotic systems},
  journal={Journal of Physics A: Mathematical and General},
  volume={32},
  number={7},
  pages={1163},
  url={http://stacks.iop.org/0305-4470/32/i=7/a=007},
  year={1999},
}

@article{Srednicki:1996,
  author={Mark Srednicki},
  title={Thermal fluctuations in quantized chaotic systems},
  journal={Journal of Physics A: Mathematical and General},
  volume={29},
  number={4},
  pages={L75},
  url={http://stacks.iop.org/0305-4470/29/i=4/a=003},
  year={1996},
}

@article{Rigol:2008,
	Author = {Rigol, Marcos and Dunjko, Vanja and Olshanii, Maxim},
	Title = {Thermalization and its mechanism for generic isolated quantum systems},
	Journal = {Nature},
	Month = {04},
	Number = {7189},
	Pages = {854--858},
	Publisher = {Nature Publishing Group},
	Url = {http://dx.doi.org/10.1038/nature06838},
	Volume = {452},
	Year = {2008},
}

@article{Khatami:2013,
  title = {Fluctuation-Dissipation Theorem in an Isolated System of Quantum Dipolar Bosons after a Quench},
  author = {Khatami, Ehsan and Pupillo, Guido and Srednicki, Mark and Rigol, Marcos},
  journal = {Phys. Rev. Lett.},
  volume = {111},
  issue = {5},
  pages = {050403},
  numpages = {5},
  year = {2013},
  month = {Jul},
  publisher = {American Physical Society},
  doi = {10.1103/PhysRevLett.111.050403},
  url = {http://link.aps.org/doi/10.1103/PhysRevLett.111.050403}
}

@article{Srednicki:1994,
  title = {Chaos and quantum thermalization},
  author = {Srednicki, M},
  journal = {Phys. Rev. E},
  volume = {50},
  issue = {2},
  pages = {888--901},
  numpages = {0},
  year = {1994},
  month = {Aug},
  publisher = {American Physical Society},
  doi = {10.1103/PhysRevE.50.888},
  url = {http://link.aps.org/doi/10.1103/PhysRevE.50.888}
}


@article{Prosen:2002,
  title = {Ruelle resonances in quantum many-body dynamics},
  author = {Prosen, T.},
  journal = {J. Phys. A:Math. Gen},
  volume = {35},
  issue = {},
  pages = {L737},
  numpages = {48},
  year = {2002},
  month = {},
  publisher = {},
  doi = {10.1088/0305-4470/35/48/102},
  url = {}
}


@article{Banuls:2011,
  title = {Strong and Weak Thermalization of Infinite Nonintegrable Quantum Systems},
  author = {Ba\~nuls, M. C. and Cirac, J. I. and Hastings, M. B.},
  journal = {Phys. Rev. Lett.},
  volume = {106},
  issue = {5},
  pages = {050405},
  numpages = {4},
  year = {2011},
  month = {Feb},
  publisher = {American Physical Society},
  doi = {10.1103/PhysRevLett.106.050405},
  url = {http://link.aps.org/doi/10.1103/PhysRevLett.106.050405}
}


@article{Fagotti:2013,
  title = {Reduced density matrix after a quantum quench},
  author = {Fagotti, Maurizio and Essler, Fabian H. L.},
  journal = {Phys. Rev. B},
  volume = {87},
  issue = {24},
  pages = {245107},
  numpages = {22},
  year = {2013},
  month = {Jun},
  publisher = {American Physical Society},
  doi = {10.1103/PhysRevB.87.245107},
  url = {http://link.aps.org/doi/10.1103/PhysRevB.87.245107}
}

@ARTICLE{Dalessio:2014,
  author = {{D'Alessio}, L. and {Rigol}, M.},
  title = "{Long-time behavior of periodically driven isolated interacting quantum systems}",
  journal = {ArXiv e-prints},
  archivePrefix = "arXiv",
  eprint = {1402.5141},
  primaryClass = "cond-mat.stat-mech",
  year = 2014,
  month = feb,
}

@article{Lazarides:2014,
  title = {Equilibrium states of generic quantum systems subject to periodic driving},
  author = {Lazarides, Achilleas and Das, Arnab and Moessner, Roderich},
  journal = {Phys. Rev. E},
  volume = {90},
  issue = {1},
  pages = {012110},
  numpages = {6},
  year = {2014},
  month = {Jul},
  publisher = {American Physical Society},
  doi = {10.1103/PhysRevE.90.012110},
  url = {http://link.aps.org/doi/10.1103/PhysRevE.90.012110}
}

@ARTICLE{Ponte:2014,
  author = {{Ponte}, P. and {Chandran}, A. and {Papi{\'c}}, Z. and {Abanin}, D.~A.},
  title = "{Periodically driven ergodic and many-body localized quantum systems}",
  journal = {ArXiv e-prints},
  archivePrefix = "arXiv",
  eprint = {1403.6480},
  primaryClass = "cond-mat.dis-nn",
  year = 2014,
  month = mar,
}

@ARTICLE{Brandao:2012,
  author = {Brandao, F.~G.~S.~L. and Harrow, A. and Horodecki, M.},
  title = "{Local random quantum circuits are approximate polynomial-designs}",
  journal = {ArXiv e-prints},
  archivePrefix = "arXiv",
  eprint = {1208.0692v1},
  primaryClass = "quant-ph",
  year = 2012,
  month = Aug,
}

@ARTICLE{Sorg:2014,
  author = {Sorg, S. and Vidmar, L. and Pollet, L. and Heidrich-Meisner, F. },
  title = "{Relaxation and thermalization in the one-dimensional Bose-Hubbard model: A case study for the interaction quantum quench from the atomic limit}",
  journal = {ArXiv e-prints},
  archivePrefix = "arXiv",
  eprint = {1405.5404v1},
  primaryClass = "cond-mat.stat-mech",
  year = 2014,
  month = May,
}

@ARTICLE{Goldstein:2014,
  author = {Goldstein, G. and Andrei, N },
  title = "{Stron eigenstate thermalization hypothesis}",
  journal = {ArXiv e-prints},
  archivePrefix = "arXiv",
  eprint = {1408.3589v1},
  primaryClass = "cond-mat.stat-mech",
  year = 2014,
  month = Aug,
}

@article{Rigol:2007,
  title = {Relaxation in a Completely Integrable Many-Body Quantum System: An Ab Initio Study of the Dynamics of the Highly Excited States of 1D Lattice Hard-Core Bosons},
  author = {Rigol, Marcos and Dunjko, Vanja and Yurovsky, Vladimir and Olshanii, Maxim},
  journal = {Phys. Rev. Lett.},
  volume = {98},
  issue = {5},
  pages = {050405},
  numpages = {4},
  year = {2007},
  month = {Feb},
  publisher = {American Physical Society},
  doi = {10.1103/PhysRevLett.98.050405},
  url = {http://link.aps.org/doi/10.1103/PhysRevLett.98.050405}
}

@article{Calabrese:2011,
  title = {Quantum Quench in the Transverse-Field Ising Chain},
  author = {Calabrese, Pasquale and Essler, Fabian H. L. and Fagotti, Maurizio},
  journal = {Phys. Rev. Lett.},
  volume = {106},
  issue = {22},
  pages = {227203},
  numpages = {4},
  year = {2011},
  month = {Jun},
  publisher = {American Physical Society},
  doi = {10.1103/PhysRevLett.106.227203},
  url = {http://link.aps.org/doi/10.1103/PhysRevLett.106.227203}
}

@article{Gogolin:2011,
  title = {Absence of Thermalization in Nonintegrable Systems},
  author = {Gogolin, Christian and M\"uller, Markus P. and Eisert, Jens},
  journal = {Phys. Rev. Lett.},
  volume = {106},
  issue = {4},
  pages = {040401},
  numpages = {4},
  year = {2011},
  month = {Jan},
  publisher = {American Physical Society},
  doi = {10.1103/PhysRevLett.106.040401},
  url = {http://link.aps.org/doi/10.1103/PhysRevLett.106.040401}
}

@article{Fagotti:2014,
  title = {Relaxation after quantum quenches in the spin-$\frac{1}{2}$ Heisenberg XXZ chain},
  author = {Fagotti, Maurizio and Collura, Mario and Essler, Fabian H. L. and Calabrese, Pasquale},
  journal = {Phys. Rev. B},
  volume = {89},
  issue = {12},
  pages = {125101},
  numpages = {25},
  year = {2014},
  month = {Mar},
  publisher = {American Physical Society},
  doi = {10.1103/PhysRevB.89.125101},
  url = {http://link.aps.org/doi/10.1103/PhysRevB.89.125101}
}
@article{Bravyi:2006,
  title = {Lieb-Robinson Bounds and the Generation of Correlations and Topological Quantum Order},
  author = {Bravyi, S. and Hastings, M. B. and Verstraete, F.},
  journal = {Phys. Rev. Lett.},
  volume = {97},
  issue = {5},
  pages = {050401},
  numpages = {4},
  year = {2006},
  month = {Jul},
  publisher = {American Physical Society},
  doi = {10.1103/PhysRevLett.97.050401},
  url = {http://link.aps.org/doi/10.1103/PhysRevLett.97.050401}
}
 E. H. Lieb and D. W. Robinson, Commun. Math. Phys.
28
,
251 (1972).
@article{Lieb:1972,
  title = {},
  author = {Lieb, E. H. and Robinson, D. W.},
  journal = {Commun. Math. Phys.},
  volume = {28},
  issue = {},
  pages = {251},
  numpages = {},
  year = {1972},
  month = {},
  publisher = {},
  doi = {},
  url = {}
}
